<?xml version="1.0" encoding="UTF-8"?><record xmlns="http://www.loc.gov/MARC21/slim" xmlns:cinclude="http://apache.org/cocoon/include/1.0" xmlns:zs="http://www.loc.gov/zing/srw/">
  <leader>00652nz  a2200157n  4500</leader>
  <controlfield tag="001">no2009165183</controlfield>
  <controlfield tag="003">DLC</controlfield>
  <controlfield tag="005">20091017075629.0</controlfield>
  <controlfield tag="008">091015n| acannaabn          |a aaa     c</controlfield>
  <datafield tag="010" ind1=" " ind2=" ">
    <subfield code="a">no2009165183</subfield>
  </datafield>
  <datafield tag="035" ind1=" " ind2=" ">
    <subfield code="a">(OCoLC)oca08273429</subfield>
  </datafield>
  <datafield tag="040" ind1=" " ind2=" ">
    <subfield code="a">MWA</subfield>
    <subfield code="b">eng</subfield>
    <subfield code="c">MWA</subfield>
  </datafield>
  <datafield tag="100" ind1="1" ind2=" ">
    <subfield code="a">Rice, Emeline Draper,</subfield>
    <subfield code="d">1806-1854</subfield>
  </datafield>
  <datafield tag="400" ind1="1" ind2=" ">
    <subfield code="a">Draper, Emeline,</subfield>
    <subfield code="d">1806-1854</subfield>
  </datafield>
  <datafield tag="670" ind1=" " ind2=" ">
    <subfield code="a">The Sister's gift, 1811:</subfield>
    <subfield code="b">inscr. (Emeline Draper)</subfield>
  </datafield>
  <datafield tag="670" ind1=" " ind2=" ">
    <subfield code="a">Ancestry Library Edition, via WWW, Oct. 6, 2009:</subfield>
    <subfield code="b">Ancestry World Tree (Emeline Draper; b. 6 Apr. 1806, Spencer, Mass.; dau. of James and Lucy (Watson) Draper; m. William Rice (b. 1803), 21 Jun. 1830; d. 4 Sep. 1854, Worcester, Mass.)</subfield>
  </datafield>
</record>